2864 4806
421 976 566 1044 TABLE
589 977 648 1046 OF
670 976 918 1045 CONTENTS.

58 1179 123 1285 Pin
130 1236 287 1288 Benedictio
298 1253 372 1301 aqum
383 1239 475 1290 diebus
487 1239 640 1292 Dominicis.

72 1330 112 1394 5.Ι
130 1330 265 1380 Processic
277 1337 338 1382 cntc
348 1330 455 1382 missam
472 1330 501 1380 in
517 1330 655 1383 Dominica
670 1329 757 1396 prima·
770 1332 913 1386 Adventus.

74 1422 99 1470 9.
132 1419 273 1471 Dominicc
283 1422 397 1473 secundo
406 1423 549 1474 Adventus.

56 1509 98 1559 10.
132 1509 501 1577 Dominicctcrtisetqucsta
510 1513 654 1566 Adventus.

14 1581 18 1588 ¹
59 1601 101 1651 11.
133 1603 166 1652 In
179 1603 450 1665 Viniiichtioitctic
461 1605 574 1659 Domini.

132 1693 165 1741 In
177 1693 321 1745 Nativitste
338 1694 447 1745 Domini
456 1697 504 1760 (1).

56 1782 97 1832 14.
131 1783 221 1834 Sancti
232 1784 360 1848 Stephani
370 1789 416 1851 (3),
428 1786 461 1837 ad
470 1788 567 1851 primns
577 1785 704 1853 vesperas.

35 1873 99 1940 ulo.
132 1874 167 1925 In
177 1876 229 1925 die.

57 1963 97 2015 lc.
131 1965 220 2017 Sancti
230 1968 247 2017 J
248 1967 359 2020 ohannis
370 1969 487 2034 Apostoli
497 1971 542 2035 (3),
554 1971 587 2021 cd
597 1970 693 2034 primns
705 1985 831 2036 vesperos.

58 2055 99 2106 17.
131 2059 229 2108 lodie.

131 2148 288 2200 Sanctorum
299 2151 483 2204 Innocentium
495 2154 540 2218 (3),
552 2153 585 2204 cd
595 2152 693 2218 primes
704 2168 832 2218 vesperes.

57 2236 99 2287 lo.
131 2240 166 2289 In
176 2241 228 2294 die.

42 2330 97 2395 20.
130 2329 220 2380 Sancti
232 2332 339 2384 Thcmae
351 2333 473 2398 Martyris
485 2337 528 2399 (3),
540 2335 573 2386 cd
585 2335 682 2398 primas
693 2350 821 2400 vesperes.

57 2418 98 2469 21.
132 2423 229 2474 Incite.

131 2512 213 2564 Sento
223 2515 266 2564 die
277 2528 295 2563 a
304 2515 460 2566 Nativitate.

130 2604 218 2654 Indis
229 2604 321 2656 Sancti
332 2607 460 2657 silvestri.

128 2696 163 2745 In
174 2696 218 2745 dic
231 2696 438 2764 circumcisionis
449 2701 495 2761 (8).

54 2786 95 2835 22.
127 2786 162 2835 In
174 2788 279 2836 Oetacis
291 2787 382 2837 Sancti
393 2789 527 2854 Stephani,
540 2791 676 2854 iohannis,
690 2796 714 2841 et
725 2790 908 2842 Innocentium.

130 2875 171 2954 ln.
177 2876 280 2937 Vicina
290 2877 457 2940 Epiphaniae.

56 2967 96 3014 23.
130 2968 164 3015 In
175 2965 219 3016 die
229 2965 385 3029 Epiphaniae
396 2967 442 3032 (1).

129 3059 163 3108 In
175 3054 315 3108 Dominica
324 3056 395 3107 infre
407 3058 525 3111 Octcvcs.

128 3150 162 3199 In
174 3149 281 3199 Octava.

127 3240 161 3288 In
172 3238 309 3288 Dominics
318 3238 404 3302 prims
413 3246 472 3303 post
484 3240 595 3293 Octcvss
606 3239 769 3305 Epiphaniae.

55 3331 95 3379 21.
127 3328 543 3393 Βοωίηἱοαὶηὸθριιιαεοείωα.’

54 3421 94 3469 25.
127 3419 267 3469 Dominics
276 3419 305 3468 in
317 3419 482 3483 Sexegesimc
492 3426 519 3470 et
529 3420 558 3470 in
570 3419 798 3485 Quinquegesimc.

55 3511 95 3560 26.
127 3510 204 3560 Foris
214 3516 308 3574 quarta
317 3509 346 3559 in
359 3510 450 3574 Ospitn
461 3510 569 3573 Jejunii.
602 3510 754 3562 Benedictio
771 3510 901 3563 cinerum:
924 3509 1024 3574 Ejectio
1040 3509 1234 3574 poenitentium:

186 3605 247 3664 post
258 3606 368 3651 sextam.
932 3613 934 3618 '

57 3689 96 3741 ³1.
128 3691 269 3741 Dominics
279 3691 364 3755 prims
376 3691 592 3755 Qucdrcgesimae.

56 3782 94 3831 as.
125 3781 202 3831 Foris
212 3786 305 3844 questo
315 3787 342 3832 et
354 3787 427 3832 sexte
436 3797 484 3846 per
494 3788 577 3834 totam
589 3781 826 3846 Quedrngesimcm
837 3786 897 3847 post
907 3797 1013 3835 nonam.

58 3871 97 3921 41.
128 3871 266 3922 Dominice
277 3872 392 3922 secundo
402 3878 429 3923 ct
439 3873 517 3923 tertis
528 3873 744 3938 Qusdrogesimm.

59 3964 98 4012 42.
128 3964 265 4014 Dominice
276 3964 368 4014 medice
380 3964 595 4028 Quadrcgesimcc.

129 4053 268 4103 Dominicc
279 4053 307 4103 in
319 4055 443 4104 Pessione
454 4054 570 4106 Domini.

64 4143 100 4192 ts.
129 4144 266 4195 Dominicc
276 4144 305 4193 in
317 4144 408 4194 Remis
419 4144 576 4196 Pclmcrum.
609 4144 760 4196 Benedictio
772 4144 930 4195 Pclmcrum.

65 4234 98 4286 11.
129 4236 203 4287 Feric
214 4235 426 4300 quinteincens
437 4236 552 4289 Domini.
588 4235 774 4286 Reconciliatic
786 4236 980 4295 Pccnitentium,
992 4241 1051 4298 post
1062 4250 1165 4287 noncm.
1199 4237 1265 4288 Con·

184 4328 293 4378 secretio
315 4327 431 4378 oleorum
452 4330 513 4391 post
535 4327 649 4379 missam.
699 4324 804 4378 Ablutic
826 4325 947 4378 alterium
974 4331 1002 4378 et
1025 4325 1179 4379 Mandatum
1206 4333 1266 4392 post

186 4417 334 4482 prandium.
