2864 4806
230 384 233 389 ι
361 302 384 367 I
383 327 410 370 n
423 302 480 370 die
494 304 616 371 Sancti
629 304 805 372 Jotannis
820 306 847 371 A
851 307 983 394 postoli.
1210 402 1212 411 Ι
1238 316 1282 384 17

70 493 205 574 illustre,
234 497 275 559 ut
304 492 395 559 beati
422 493 447 559 J
448 493 587 559 ohannis
617 495 759 580 apostoli
788 500 823 561 et
852 496 1064 583 evangelistae
1092 497 1282 564 illuminata

68 606 224 672 doctrinis
238 607 283 672 ad
297 606 384 673 dona
398 608 571 693 perveniat
585 608 793 694 sempiterna.
822 608 885 674 Per
900 608 1071 675 Christum
1087 611 1279 678 Dominum.

128 719 178 786 In
192 719 367 786 redeundo
388 720 520 788 dicitnr
541 720 663 808 aliqua
685 720 879 808 antiptono
893 723 934 788 de
956 729 1074 790 sancta
1096 723 1213 790 Maria
1231 726 1281 790 cci

64 834 322 921 respormorriarn
351 833 461 900 Solem
490 834 798 922 justitiae-qnare
827 835 871 902 in
900 835 1091 904 Nativitate
1121 838 1277 923 ejusdem.

70 946 192 1013 Versae
203 953 235 1013 et
248 945 361 1014 oratio
375 955 416 1015 at
429 969 542 1035 snpra

331 1185 374 1252 Ia
396 1202 458 1252 mn
480 1186 811 1254 Sanoc1donnnn1s
832 1189 1015 1266 Aeosron,

488 1317 520 1383 si
542 1316 720 1384 dornirnca
736 1316 855 1405 faerit.

129 1457 188 1522 Ad
199 1456 447 1544 processionem
463 1455 576 1522 sociem
593 1456 693 1523 niodo
704 1457 774 1543 fiat
788 1464 828 1523 at
842 1456 886 1522 in
901 1456 957 1523 die
972 1455 1085 1524 sancti
1099 1457 1276 1543 Stephani,

61 1577 191 1656 eccepto
205 1571 296 1658 qnod
310 1569 372 1637 lenc
387 1568 443 1635 die
458 1575 523 1636 tres
540 1570 721 1637 sacerdotes
739 1570 782 1636 in
800 1569 912 1636 eundo
931 1570 1053 1636 dicant
1069 1591 1212 1657 prosena
1235 1571 1278 1636 in
1310 1628 1312 1633 .

60 1685 177 1751 rnedio
192 1683 297 1763 storo,
313 1705 389 1770 qnce
402 1682 446 1749 in
460 1683 540 1770 ipsa
554 1683 698 1750 statione
714 1690 794 1749 cente
809 1704 940 1750 cracem
954 1683 1166 1750 terminetur.

107 1797 157 1864 In
172 1799 285 1864 cando
299 1797 396 1884 Reae.
442 1796 485 1860 In
506 1797 625 1862 medic.
661 1795 696 1862 V.
720 1796 816 1862 Misit
835 1797 1006 1862 Dominus.
1051 1796 1279 1884 [1517-Tree

61 1910 245 1979 sacerdotes
267 1911 384 1977 edicant
412 1930 556 1996 prosam
585 1909 753 1987 Nascitur,
776 1917 816 1975 nt
840 1932 960 1996 secpra,
984 1917 1014 1976 et
1039 1909 1173 1976 dicitnr
1197 1932 1277 1976 cnm

60 2025 186 2110 reesa]
229 2023 342 2090 Gloria
367 2022 459 2087 Patri
482 2027 516 2087 et
538 2021 624 2087 Filio
645 2027 679 2087 et
702 2023 844 2107 Spiritui
867 2022 1000 2089 Sancto
1045 2023 1089 2088 nt
1114 2023 1278 2110 implevit.

61 2139 112 2204 In
126 2138 279 2204 introita
293 2135 387 2202 odori
401 2135 484 2201 Ant.
530 2134 640 2200 Hodie
656 2134 820 2200 Christue.

135 2251 173 2318 V.
197 2250 397 2316 Benedictus
412 2249 470 2334 qui
485 2247 587 2313 vemt.
634 2247 753 2315 Oratio
768 2255 808 2313 at
823 2269 938 2335 erepra.

130 2363 178 2431 ln
204 2363 261 2429 die
291 2363 403 2429 sancti
433 2359 609 2426 Jotonnis
640 2360 687 2425 ad
713 2382 862 2447 rescierat
890 2369 967 2448 post
1000 2362 1205 2428 rneneoriacn
1237 2363 1277 2427 de

61 2486 179 2545 sancto
208 2476 378 2563 Stephano
410 2481 463 2540 eat
494 2473 661 2559 processio
694 2495 886 2559 qtaerorcrn
919 2475 966 2540 ad
1002 2475 1110 2540 altare
1145 2475 1278 2542 Sancta

64 2590 254 2658 Trinitatis
279 2597 308 2655 et
335 2587 503 2656 Omniarn
529 2586 743 2665 Sanctorani,
765 2587 882 2672 *qnod
904 2587 1043 2654 dicatur
1065 2587 1189 2654 Salve*
1200 2613 1212 2668 ;
1235 2589 1278 2653 in

62 2706 161 2792 crepis
178 2710 208 2769 et
228 2702 329 2769 cereis
351 2699 551 2767 ardentibus
566 2699 609 2765 in
623 2700 787 2765 mosibus
808 2701 989 2779 cantaraio,
1005 2700 1156 2787 episcopo
1174 2722 1278 2787 pecer-

61 2841 165 2886 ornrn
179 2816 375 2904 incipiente,
389 2814 447 2879 tec
461 2813 561 2878 inodo
575 2812 842 2898 responsoriam.

130 2932 273 2998 Centum
288 2927 508 3015 quadraginta
519 2929 661 3011 quatuor
671 2925 777 2989 millia
788 2926 846 3011 qui
857 2927 961 3012 empti
973 2931 1052 2991 sunt
1064 2926 1104 2992 de
1119 2931 1207 2991 terra
1218 2952 1226 3008 ;
1242 2927 1280 2992 hi

61 3051 144 3112 sunt
169 3045 227 3132 qui
254 3064 329 3108 cum
355 3040 549 3105 mulieribus
574 3060 641 3102 non
665 3043 744 3103 eunt
779 3038 993 3124 coinquinati,
1016 3040 1163 3125 virgines
1189 3041 1278 3105 enim

61 3161 324 3247 permanserunt.
370 3154 449 3219 Ideo
464 3157 604 3238 regnant
619 3173 693 3216 cum
709 3151 789 3229 Dec,
804 3156 838 3216 et
853 3153 970 3238 Agnus
985 3152 1048 3218 Dei
1064 3175 1139 3217 cum
1154 3153 1230 3218 illie.

130 3273 210 3338 Tres
220 3267 326 3360 paeri
340 3266 460 3336 dicant
473 3264 565 3331 tnnc
579 3285 720 3330 versane.
780 3264 829 3328 Hi
844 3265 948 3351 empti
963 3272 1042 3329 sunt
1057 3287 1099 3329 cx
1115 3265 1278 3345 omnibua

60 3387 220 3477 primitiae
235 3385 307 3449 Deo
321 3387 356 3447 et
371 3380 479 3467 signio,
496 3383 530 3444 ct
551 3378 588 3441 in
603 3398 657 3443 ore
680 3398 792 3442 eorum
807 3399 874 3441 non
889 3383 940 3442 eet
956 3378 1131 3443 inventum
1146 3378 1276 3445 menda-

61 3503 160 3568 cium.
205 3498 292 3564 Ideo.

131 3613 253 3679 Oranes
263 3608 369 3698 paeri
384 3606 504 3673 dicant
517 3603 606 3671 tanc
616 3625 765 3692 prosam.
815 3603 946 3671 Cleonas
956 3610 1033 3691 post
1046 3625 1275 3692 nrearnqaern-

60 3749 124 3816 qne
139 3745 273 3791 rersnrn
288 3719 487 3808 respondeat
502 3726 644 3785 cantnrn
653 3739 764 3804 prosa
778 3738 880 3805 saper
894 3717 1058 3784 attinent
1075 3718 1219 3786 literani.

134 3838 169 3907 V.
193 3838 370 3905 sedentem
384 3835 421 3899 in
435 3854 585 3919 eupemac
599 3831 782 3917 majestatis
796 3853 878 3910 aine,
895 3831 955 3911 E.†

134 3951 170 4020 V.
193 3951 345 4016 Adorant
358 3946 529 4012 humiliter
543 3944 781 4031 proclamantes
795 3945 837 4008 ad
852 3950 895 4022 te,
912 3945 971 4024 Et

133 4065 169 4131 V.
192 4065 321 4141 Sancte,
336 4062 466 4136 Sancte,
480 4058 610 4135 Sancte,
625 4056 771 4123 Sabaoth
787 4079 854 4136 rex,
870 4057 932 4137 E.†

134 4179 167 4243 V.
191 4178 293 4241 Plena
307 4179 386 4239 eunt
401 4173 512 4237 omnia
525 4171 637 4257 gloriae
651 4175 727 4248 tua),
741 4170 801 4246 E.†

133 4291 167 4356 V.
192 4291 276 4355 Cum
292 4288 357 4352 illis
372 4284 584 4369 undeviginti
598 4282 753 4368 quinque,
770 4282 829 4363 E.†

371 4476 383 4499 ⁴
398 4480 459 4528 1517
472 4477 559 4527 omits.
721 4476 735 4536 †
748 4477 803 4528 MS.
818 4477 958 4529 Boot-0.

657 4591 678 4632 D
