2864 4806
424 253 474 319 In
487 254 545 321 olio
561 256 846 324 Circumcisionis
859 255 1017 322 Domini.
1285 257 1324 319 21
1380 300 1383 305 -

107 439 292 526 implorant
306 441 480 522 auxilium,
495 444 667 530 petitionis
688 467 756 511 suae
775 444 953 509 salutarem
972 445 1215 527 consequnuiur
1232 439 1323 504 effec-

106 556 194 618 tum.
241 554 306 619 Per
321 553 501 622 Christum.

174 665 225 732 In
239 669 432 735 revertendo
446 670 587 737 dicatur
601 671 795 758 antiphona
809 671 859 738 uei
877 669 1132 756 responsorium
1147 667 1187 733 dc
1209 675 1326 733 sunau

108 778 243 846 Maria.

396 931 439 997 Iu
461 948 523 997 um
544 931 674 1000 Seram
695 934 834 1001 THOMAE
855 935 1048 1011 Mrsrrsrs
1125 1022 1127 1029 Ι

535 1059 568 1153 si
589 1058 768 1126 dominica
784 1059 905 1147 faerit.

178 1192 239 1259 Aa
248 1193 495 1280 processionem
509 1203 588 1263 anie
602 1197 747 1264 missam
755 1198 826 1283 siai
840 1198 953 1264 eodem
966 1194 1065 1262 iricio
1080 1202 1109 1260 ei
1125 1193 1245 1260 omiinc
1260 1215 1326 1278 qao

105 1303 153 1369 in
175 1303 234 1370 <irie
253 1307 367 1373 sancii
384 1307 559 1394 Stephani,
573 1316 701 1395 eccepto
723 1309 814 1396 quael
835 1307 878 1375 in
899 1307 961 1375 bac
982 1308 1039 1374 aa
1062 1313 1127 1373 ires
1149 1305 1264 1372 clerici
1285 1305 1326 1370 de

104 1417 286 1504 superiori
305 1418 557 1504 praeiudicant
575 1442 719 1508 prosam
741 1422 785 1488 in
806 1421 919 1488 merim
937 1419 1171 1508 processionis,
1186 1440 1260 1504 parc
1282 1417 1326 1482 in

105 1530 190 1616 ipsa
204 1530 350 1596 statione
364 1539 443 1598 anie
457 1532 757 1619 cracemfiniciar.

175 1641 226 1707 In
250 1642 364 1709 cando
387 1644 529 1711 dicatur
552 1643 649 1731 Resp.
686 1644 783 1710 Jaoei
806 1667 957 1732 granum.
1007 1643 1043 1710 V.
1076 1643 1176 1710 cadis
1202 1648 1322 1708 custos

104 1755 231 1823 Prosa.
256 1756 398 1844 Olengsi
412 1763 532 1844 pastor,
544 1766 573 1824 ei
588 1758 729 1825 clicaiar
743 1780 820 1826 cam
837 1758 949 1825 Gloria
964 1758 1066 1823 Pari.
1105 1756 1218 1824 Gloria
1231 1757 1325 1822 Petri

104 1873 141 1934 ei
156 1869 245 1933 Filio
259 1873 296 1934 ei
310 1869 449 1956 Spiritui
464 1871 594 1936 Sancto.
640 1871 777 1936 (ioelum.

174 1982 224 2049 In
238 1982 390 2050 miroiia
405 1982 499 2051 riori
513 1985 553 2051 rie
567 1983 758 2051 Natiuitaia
772 1992 812 2052 ai
826 2005 943 2072 supra.

396 2195 594 2262 smmum
616 2212 641 2260 A
662 2195 880 2261 Nfflvrrrru
902 2197 1048 2274 Dorum,

540 2322 573 2388 si
587 2319 766 2389 dominica
774 2321 895 2408 feeerit.
913 2389 915 2393 ,

174 2461 234 2527 Aa
247 2459 495 2548 processionem
516 2461 613 2548 Resp.
639 2460 825 2526 Descendit.
876 2459 912 2527 V.
939 2460 1108 2545 Tanquam
1132 2483 1270 2548 sponsus
1292 2469 1322 2528 ci

104 2583 214 2642 ceicra
229 2575 305 2640 sine
315 2596 422 2661 prosa
437 2597 516 2641 cam
531 2575 651 2641 Gloria.

173 2687 224 2753 In
238 2686 413 2753 rerieancio
428 2686 468 2752 cie
483 2685 521 2751 N
518 2686 673 2752 aiicitaie
688 2693 728 2752 ui
743 2707 858 2773 supra.

469 2873 512 2937 Iu
534 2889 595 2936 mu
618 2872 746 2939 smum
769 2873 961 2950 vausrm,

540 3003 571 3070 si
585 3003 764 3072 dominica
773 3005 895 3092 faerit.

172 3139 270 3226 Resp.
294 3139 419 3205 Christi
434 3139 538 3205 miles.

170 3251 196 3316 I
194 3276 220 3318 n
236 3253 389 3320 introita
403 3251 497 3319 chori
511 3253 551 3319 cie
565 3252 756 3321 Nativiiaie
771 3261 811 3320 ni
826 3276 941 3341 snpra.

411 3467 455 3532 Iu
476 3482 538 3531 ms
559 3455 848 3533 cruouuusroms
870 3467 1016 3546 Doumr,

455 3669 456 3672 Ἴ
536 3595 761 3664 siciominica
769 3597 892 3685 faerit.
983 3650 985 3655 .

171 3735 298 3803 Modus
323 3744 353 3802 ei
379 3736 461 3802 arcia
481 3737 708 3822 processionis
728 3737 797 3822 fiai
822 3735 1033 3814 inediam
1059 3737 1102 3804 in
1128 3737 1184 3805 clio
1207 3740 1320 3806 sancii

106 3848 242 3916 Thema
256 3849 432 3934 martyris.
475 3848 625 3915 Dicatur
639 3847 894 3936 responsoriam
908 3869 1052 3933 sequens.

171 3961 267 4048 Resp.
290 3961 438 4027 Verbum
460 3983 534 4026 caro
556 3961 680 4026 factum
703 3964 762 4040 esi,
777 3966 811 4026 ei
832 3961 999 4027 habiinvii
1020 3962 1057 4026 in
1075 3963 1189 4029 nobis:
1214 3964 1317 4051 Cujus

103 4074 243 4162 gloriam
273 4073 418 4138 vidimus
448 4075 543 4158 quasi
572 4073 748 4160 Unigeniii
778 4096 798 4138 a
831 4074 939 4152 Pnire,
970 4072 1109 4138 Plenum
1138 4077 1254 4162 gratim
1283 4083 1318 4143 ei

104 4187 266 4252 veritatis

177 4299 212 4364 V.
236 4298 278 4363 In
300 4298 462 4384 principio
484 4304 555 4365 ersi
570 4299 727 4379 Verbum,
744 4303 778 4364 ei
794 4299 939 4365 Verbum
955 4305 1026 4367 erat
1047 4303 1136 4388 apud
1152 4302 1267 4383 Deum,
1283 4311 1318 4371 ei

105 4413 197 4477 Deus
211 4415 283 4476 ersi
297 4411 452 4477 Verbum.
497 4412 609 4498 Cujus.
770 4416 778 4425 '
