2864 4806
111 258 176 328 174
650 259 771 326 Prosae.

173 444 230 510 Po.
256 445 368 512 aravi.
422 445 572 525 Domine,
597 469 639 513 ne
662 447 698 513 in
720 448 839 525 furore,
865 453 895 514 et
918 451 1031 514 celera.
1076 446 1188 513 Gloria
1211 447 1315 513 Patri.
1335 522 1338 535 Ι

107 554 203 622 Siout
218 562 298 624 orat.

169 669 265 737 Pal.
310 671 466 738 Miserere
487 672 561 751 mei,
586 672 685 752 Deus,
707 681 738 740 el
759 680 872 741 celero.
929 672 1041 739 Gloria
1063 673 1165 739 Palri.
1221 675 1315 740 Siout

106 788 187 849 orat.

172 896 227 963 Ps.
244 895 284 963 oi.
330 896 480 978 Domine,
494 899 625 978 exaudi,
640 905 669 966 ei
684 907 798 967 celera.
844 900 957 968 Gloria
971 899 1071 966 Patri.
1116 899 1212 966 Sicut
1233 905 1313 966 erat.
1337 892 1348 979 2}

171 1009 228 1076 Ps.
253 1009 357 1078 cxxix.
407 1009 458 1077 De
483 1012 656 1099 profundis
682 1013 832 1093 clamavi,
858 1019 1027 1081 eleutero.
1076 1012 1188 1080 Gloria
1211 1013 1312 1080 Palri.

107 1121 203 1188 Siout
216 1127 295 1189 erat.

172 1235 229 1302 Pa
254 1235 346 1302 celii.
395 1236 546 1317 Domine,
568 1238 696 1317 exaudi,
719 1243 749 1306 el
770 1244 882 1307 celero.
931 1239 1047 1307 Gloria
1068 1239 1169 1305 Patri.
1218 1238 1312 1305 Sicut

107 1351 185 1413 erat.

171 1460 254 1526 Arae.
298 1459 353 1526 No
381 1462 609 1543 reminiscaris
637 1463 772 1552 require
800 1471 973 1553 utsupra
996 1462 1093 1552 feodo
1118 1470 1246 1551 pererio
1271 1463 1312 1530 aa

106 1572 216 1660 capite
228 1572 373 1660 jejunii.

280 1974 363 2058 Quis
377 1977 458 2042 satis
473 1979 653 2054 enumeret,
667 1980 826 2062 quantam
842 1976 1003 2063 pressoria
1017 1977 1112 2042 nobis

322 2089 476 2155 Conferat
491 2100 544 2153 ars
559 2088 687 2153 conclis
702 2088 861 2154 utilitatis
876 2111 989 2175 opem3

280 2202 439 2288 Tempore
454 2201 515 2267 sub
529 2200 658 2266 modico
671 2199 761 2265 facili
776 2201 949 2266 commissa
962 2222 1087 2287 papyro

323 2315 368 2380 Et
382 2313 489 2401 prelio
503 2335 606 2401 parvo
620 2312 760 2400 grandia
774 2313 876 2379 lector
890 2311 1000 2378 habes

279 2427 465 2493 Innumeris
479 2425 607 2492 mendis
622 2426 818 2512 scriptorum
832 2425 967 2513 ignavia
981 2425 1145 2511 quondam

320 2539 432 2606 Taedia
446 2561 544 2625 quam
560 2539 674 2604 multis
688 2538 827 2626 grandia
841 2561 926 2624 saepe
939 2537 1059 2621 dabat3

278 2653 342 2720 Sed
357 2675 432 2718 oum
446 2674 609 2739 pressores
623 2657 804 2738 patuerunt
818 2656 889 2718 arte
903 2651 1013 2739 periti,

321 2765 465 2831 Palladis
480 2764 616 2832 oooullae
631 2770 713 2831 lunc
726 2765 851 2832 rediere
865 2764 961 2831 faoes.

277 2880 364 2966 Ergo
381 2879 444 2944 tibi
459 2877 521 2944 hoc
535 2900 658 2943 munus
672 2878 821 2944 Sarensis
835 2883 942 2944 mater
955 2878 1078 2946 habeto

322 2991 419 3072 Quod
433 2990 496 3056 libi
511 2990 635 3056 divinis
649 2989 797 3077 proderit
811 2990 933 3057 officiis.

276 3103 361 3170 Sane
374 3103 436 3169 lroo
450 3125 636 3190 pressorum
649 3103 786 3190 digessit
800 3104 836 3168 in
850 3108 921 3169 arte
936 3104 1092 3191 magister

320 3216 486 3281 Marainus
501 3215 609 3281 Morin
623 3215 731 3281 incola
746 3215 952 3303 Rothomagi.

593 3637 662 3700 Dso
683 3653 820 3700 oarrrrs.
