2864 4806
393 255 442 322 Iu
458 256 515 324 die
530 258 737 327 sciurorum
751 261 777 327 I
775 263 1007 334 uieoeeutiuoe.
1264 275 1305 340 19

154 455 236 522 Post
250 454 317 522 trec
331 455 506 543 episeopus
516 476 709 542 puerorum
722 456 767 522 iu
781 459 852 525 sede
867 483 932 527 suu
948 462 1121 531 benedicet
1130 465 1305 552 poputum

82 567 130 633 iu
144 565 237 633 huuc
251 565 402 634 modum.
441 569 700 657 Oouciferaeiue
713 572 864 657 accipiet
878 572 1041 640 buculueu
1055 574 1212 662 episcopi,
1226 599 1303 644 eou-

83 699 203 746 ueeeue
216 678 264 746 od
278 678 393 759 iilum,
407 687 438 746 et
452 681 511 746 iuc
516 681 528 747 i
525 681 605 768 piot
618 681 707 749 ioue
721 683 954 770 antiphonam
968 694 1162 771 sequentem.

153 792 237 857 Aet.
282 791 439 879 Princeps
460 792 612 874 ecclesius,
635 800 748 881 pastor
761 795 867 873 ovilis,
882 801 1034 861 cunctam
1057 799 1186 884 plebem
1209 804 1302 864 tuam

84 901 279 970 benedicere
294 904 448 991 digneris.
492 905 563 974 Hic
577 915 746 975 ecuocctot
767 928 799 973 sc
822 908 869 974 oet
886 908 1059 996 poputum
1076 911 1125 977 eie
1139 910 1302 978 diceudo:

86 1015 175 1082 Cum
197 1017 452 1084 mansuetudine
476 1024 511 1084 et
530 1020 669 1086 caritate
688 1019 862 1085 humiliate
884 1042 944 1085 vos
965 1022 1008 1087 ad
1029 1023 1300 1092 benedictionem.

85 1125 217 1194 Chorus
230 1127 430 1214 resposoem
442 1129 513 1196 sic:
534 1129 606 1196 Deo
619 1132 752 1218 glutias.

150 1239 285 1307 Deinde
299 1241 417 1309 trudet
431 1240 592 1309 bocetum
606 1243 767 1330 episcopo,
784 1251 814 1311 et
828 1251 911 1312 tuuc
926 1244 1098 1333 epiecopus
1109 1270 1300 1334 preces-oium

82 1353 203 1439 priiuo
231 1354 404 1440 eipuuudo
433 1377 466 1422 sc
495 1355 538 1422 iu
561 1356 677 1444 fronte
702 1355 818 1423 dicut:
849 1357 1065 1443 Adjutorium
1091 1365 1241 1426 nostrum
1263 1362 1299 1426 in

85 1466 220 1533 nomine
249 1467 394 1534 Domini.
442 1464 571 1535 uuus
595 1470 793 1556 eeepoudeut
823 1470 891 1536 sic:
925 1471 991 1551 Qui
1020 1471 1099 1537 fecit
1125 1473 1239 1540 ceolum
1265 1479 1299 1541 et

84 1585 218 1646 terrem.

149 1698 239 1765 Item
261 1700 436 1786 epiecopus
457 1699 631 1786 sipuuuio
652 1722 685 1766 ee
706 1700 749 1766 iu
767 1708 897 1787 pectore
911 1701 1005 1768 dicut
1019 1701 1088 1767 sic:
1111 1702 1162 1768 Sit
1177 1724 1298 1769 nomen

84 1813 224 1879 Domini
238 1813 458 1880 benedictum.
503 1812 546 1881 R.
569 1812 623 1878 Ex
637 1812 708 1892 hoo,
723 1835 821 1892 nunc,
838 1818 991 1902 eiusque
1005 1815 1042 1878 in
1056 1814 1210 1881 seculum.

150 1925 285 1992 Deiucie
317 1925 492 2012 epiecopus
524 1946 715 2012 puerorum
752 1946 928 1992 cccccccccc
964 1926 1011 1991 od
1047 1925 1176 1992 cleruou
1204 1924 1299 1993 elisei

84 2036 268 2105 bruchium
288 2060 403 2117 suum,
420 2043 451 2104 et
471 2037 564 2104 dicut
586 2035 675 2104 hesic
697 2037 980 2104 beuedictioueue:
1002 2038 1117 2104 Crucis
1131 2039 1224 2125 signo
1240 2061 1299 2104 vos

83 2151 252 2238 consigno.
304 2150 376 2218 Hic
398 2157 503 2217 vertet
524 2172 556 2216 ee
578 2151 625 2217 od
649 2151 822 2237 poputum
844 2151 893 2217 sic
914 2151 1078 2217 diceudo:
1109 2151 1234 2217 Nostra
1255 2152 1300 2217 sit

81 2265 192 2332 tuitio.
238 2263 370 2331 Deinde
391 2270 560 2332 couceiiut
582 2288 614 2330 se
635 2264 683 2331 ud
705 2265 813 2332 ultore
835 2264 972 2331 diceus:
995 2266 1061 2346 Qui
1080 2288 1140 2331 nos
1160 2265 1242 2331 emit
1264 2271 1299 2331 ct

82 2375 235 2443 redemit.
267 2376 388 2442 Posieu
403 2375 450 2443 ud
460 2376 611 2462 seipsum
622 2397 773 2442 recessus
783 2383 893 2463 ponet
907 2397 1057 2443 ossuuuue
1071 2398 1174 2464 super
1183 2385 1299 2464 pectus

80 2512 189 2557 suum
204 2487 367 2554 diceudo:
390 2511 457 2555 suae
472 2488 579 2554 cernis
593 2488 709 2574 pretio.
757 2488 885 2555 Oieoeue
899 2489 1099 2575 respoudeat
1113 2490 1231 2555 Amen.

149 2603 190 2668 H
192 2602 221 2667 ie
246 2601 361 2687 itceqcee
386 2601 534 2688 peractis
557 2601 710 2687 incipiet
739 2601 912 2688 epiecopus
937 2623 1129 2688 puerorum
1158 2602 1297 2690 conopic-

81 2717 216 2784 toriuou
230 2735 322 2779 oreore
341 2712 447 2792 solito,
462 2721 491 2779 et
508 2719 584 2800 poet
606 2713 864 2799 cooepietociuus
885 2712 979 2780 dicut
1001 2714 1175 2801 epiecopus
1192 2736 1298 2800 puer-

82 2853 186 2898 oruiu
212 2828 259 2895 ud
288 2827 428 2895 ctorem
457 2848 633 2895 conuersus
657 2825 719 2893 sub
748 2835 825 2894 touo
855 2826 1053 2913 supreuiicto
1082 2827 1295 2913 Adjutorium

81 2948 236 3010 nostrum
251 2942 287 3006 in
302 2940 435 3006 nominc
450 2939 585 3006 Domini
607 2947 636 3006 et
658 2940 710 3005 Sit
725 2961 846 3005 nomen
860 2939 1005 3004 Domini.
1050 2940 1181 3007 Dcieuie
1203 2942 1297 3008 ciicot

80 3056 267 3144 opiscopus.
314 3052 493 3119 Benedicat
515 3072 574 3117 vos
596 3051 803 3137 omnipotens
827 3051 925 3128 Beue,
949 3050 1048 3116 Pater
1073 3057 1107 3117 ct
1133 3051 1238 3117 Filius
1261 3059 1296 3118 et

80 3169 229 3257 Spiritus
244 3167 394 3235 Sanctus.

367 3357 409 3422 In
432 3373 493 3422 mn
515 3356 730 3424 Sermonum
752 3353 1009 3431 Innocnnmun,

504 3493 536 3560 ei
557 3491 737 3560 douiiuico
752 3491 872 3578 feeerit.

146 3632 275 3700 Eodem
296 3630 394 3699 recocto
411 3630 578 3719 processio
591 3630 669 3717 fiet,
684 3637 724 3695 ut
746 3629 790 3695 iu
812 3626 869 3695 dic
892 3627 1004 3694 suncti
1029 3626 1216 3714 Stepleuui;
1238 3651 1289 3694 ee-

79 3754 170 3835 cepto
184 3744 275 3833 quod
289 3743 351 3810 icoc
365 3743 421 3809 die
436 3751 501 3809 ires
518 3742 624 3830 pueri
641 3761 783 3828 prosoeu
797 3739 840 3805 iu
854 3739 967 3805 eeeueio
981 3739 1101 3806 ductet
1115 3739 1158 3805 iu
1180 3740 1292 3806 secutio

75 3859 299 3949 procedentes,
313 3878 388 3943 quoe
409 3855 452 3922 iu
474 3855 552 3941 ipso
574 3853 718 3921 stutioue
736 3859 815 3919 unite
830 3872 962 3919 crucem
979 3849 1021 3918 oh
1036 3850 1161 3919 eisdeou
1176 3852 1292 3919 terest-

81 3995 125 4040 ue
140 3996 195 4040 ur.

127 3981 195 4151 tiu
209 4082 322 4150 eeeucio
337 4081 432 4167 Reep.
458 4080 599 4146 Centum
615 4077 843 4163 quadraginta.
889 4076 926 4142 V.
951 4076 997 4140 Hi
1012 4076 1126 4162 empti.
1173 4077 1290 4144 Prosu.

80 4198 259 4265 Scdentem
297 4197 332 4260 in
365 4216 521 4281 supernos.
591 4192 762 4277 Sequetur
798 4189 910 4256 Gloria
942 4189 1035 4255 Petri
1071 4194 1106 4255 ct
1142 4189 1228 4256 Filio
1257 4197 1292 4256 ct

80 4310 224 4398 Spiritui
239 4308 369 4376 Sancto.
415 4307 502 4372 ideo

144 4422 194 4490 Iu
209 4421 360 4488 iutroitu
375 4418 468 4486 ciceri
483 4418 523 4484 sie
538 4416 576 4483 N
574 4416 737 4495 utioitute,
752 4422 791 4481 ui
807 4437 923 4500 supro.
