2864 4806
406 265 754 357 Dominicusecundu
769 269 955 355 Advenins.
1271 260 1290 353 i

136 483 208 550 Iste
221 483 345 550 nwdus
364 491 393 550 et
412 484 494 551 ordo
508 484 734 571 processionis
752 493 899 551 servetur
911 485 1115 571 peneruiitcr
1130 485 1290 552 cusoribus

71 596 262 662 dominicis
285 619 359 663 non
381 597 579 685 duplicibus
598 620 662 686 per
683 604 793 665 totum
817 621 955 665 cunum
977 621 1056 665 cum
1079 597 1289 684 untc'pitonis,

72 709 309 796 responsoriis,
324 718 355 777 et
371 710 529 790 versibus,
546 719 576 778 et
595 710 809 778 orationibus
828 712 916 798 ipsis
938 711 1126 777 dominicis
1146 711 1289 777 diversi·

37 834 40 839 '
72 822 171 888 nvode
191 822 398 890 intitulatis.
443 825 491 890 In
512 824 701 891 dominicis
723 832 839 901 ticinen
862 848 884 890 c
907 824 1008 888 LXX
1028 846 1133 910 usque
1156 825 1203 890 ud
1226 824 1288 889 XL

72 932 215 1002 dicutur
239 957 355 1003 versus
375 946 452 1024 post
474 937 704 1024 untipdonum
727 937 769 1003 iu
793 937 871 1024 ipsu
898 936 1041 1003 stutione
1065 938 1112 1003 ud
1136 938 1288 1023 predum

73 1055 153 1114 unte
171 1071 305 1116 crucem
324 1073 348 1116 u
364 1050 496 1118 duobus
518 1051 649 1118 clericis
670 1052 711 1117 de
733 1050 882 1117 secundo
903 1050 1023 1137 formu
1046 1051 1093 1116 ud
1113 1051 1287 1137 poputum

81 1162 257 1242 conversis,
271 1162 393 1230 tcbtcc
407 1186 479 1230 non
493 1173 632 1232 mututo.
676 1164 848 1231 Similiter
869 1186 892 1229 u
907 1163 1085 1230 domini-cu
1106 1165 1149 1229 in
1164 1164 1289 1230 octusis

71 1272 210 1341 Pusctvoe
240 1298 346 1362 usque
379 1279 426 1344 ud
459 1278 661 1365 prouimunv
689 1277 905 1344 dominicam
938 1284 1017 1343 cente
1046 1277 1288 1342 Ascensiouem

72 1386 222 1454 Domini
246 1389 387 1456 dicutur
408 1412 523 1458 versus
547 1415 569 1457 u
587 1391 719 1457 duobus
734 1389 865 1455 clericis
883 1389 923 1454 de
943 1389 1091 1456 secundu
1105 1389 1225 1477 formu
1245 1390 1288 1455 iu

72 1502 324 1588 superpelliceis
339 1504 386 1570 ud
400 1505 574 1591 populum
589 1503 763 1582 conversis,
777 1510 817 1569 ut
831 1525 947 1588 supro.

140 1615 235 1693 1528,
260 1616 327 1694 dvo,
352 1617 511 1682 add—In
541 1617 706 1704 prosimu
735 1615 913 1682 dominico
942 1621 1021 1680 cente
1045 1614 1288 1680 Ascensioncm

70 1725 219 1792 Domini
233 1727 372 1796 dicutur
386 1751 499 1796 versus
513 1730 657 1796 utribus
671 1729 712 1794 de
726 1726 898 1812 superiori
911 1727 1026 1812 praeto
1037 1727 1080 1792 in
1087 1727 1226 1813 pulpito
1241 1728 1288 1793 ud

67 1839 242 1925 populum
264 1842 436 1908 conversis.
495 1843 541 1908 Et
567 1843 599 1908 si
624 1841 797 1928 episcopus
822 1841 865 1907 iu
891 1839 952 1906 icccc
977 1840 1156 1906 cioniinicu
1173 1841 1223 1905 vei
1245 1840 1288 1906 iu

71 1972 276 2040 quocumque
298 1954 375 2022 otiu
397 1955 546 2043 officium
570 1963 777 2042 exsequntur,
801 1955 872 2042 ipse
895 1956 1044 2020 indutus
1070 1975 1155 2040 cupn
1179 1954 1288 2019 serien

71 2086 151 2131 cum
164 2066 276 2132 mitro
293 2075 324 2134 et
343 2068 460 2135 bacuio
474 2091 514 2135 uc
534 2069 693 2135 omnibns
708 2068 919 2154 supradictis
937 2066 1114 2133 ministris
1129 2066 1176 2131 ud
1196 2065 1287 2131 bene·

71 2177 260 2246 dictionem
282 2201 381 2268 uquae
411 2183 488 2248 solet
517 2183 673 2262 introre;
721 2182 792 2268 qui,
815 2182 901 2247 dum
925 2182 961 2251 tit
992 2179 1176 2246 benedictio
1202 2180 1288 2245 sutis

72 2297 100 2355 et
144 2313 241 2378 uquae
278 2317 301 2360 u
349 2296 512 2362 secerdote
552 2304 592 2362 ut
632 2295 837 2382 prodicitur
876 2293 923 2360 ud
966 2291 1024 2359 icoc
1069 2292 1204 2368 indute,
1245 2292 1287 2357 in

72 2405 182 2470 sedem
231 2428 263 2470 se
306 2408 452 2493 recipiut
495 2409 724 2496 episcopatem,
777 2408 888 2493 ibique
930 2413 1007 2492 post
1058 2405 1288 2491 aspersionem

71 2517 286 2605 principutis
312 2520 436 2585 ulturis
465 2544 488 2588 u
513 2523 678 2588 sucerdote
702 2522 843 2608 fuctum,
869 2527 943 2585 tum
972 2519 1152 2584 cccvvonicos
1181 2540 1288 2604 queem

73 2638 192 2696 ceteros
216 2630 354 2698 ciericos
370 2633 417 2699 ud
436 2635 543 2700 sedem
562 2635 782 2723 episcopalem
800 2633 985 2701 accedentes
1004 2632 1102 2698 modo
1121 2638 1151 2696 ct
1165 2631 1288 2696 ordine

70 2743 234 2830 proedicto
251 2753 414 2832 vspcrput
425 2753 454 2813 et
470 2755 542 2814 tum
560 2747 767 2814 versiculum
781 2767 887 2833 quum
901 2744 1091 2812 orutioucm
1101 2750 1177 2829 post
1192 2742 1285 2808 centi-

69 2852 225 2943 pionum
239 2859 403 2946 Asperges
418 2881 479 2938 me,
490 2867 519 2926 ct
531 2869 606 2947 post
620 2861 843 2927 reversionem
852 2856 1077 2946 processionis
1088 2858 1131 2922 iu
1146 2854 1286 2922 cicorum

72 2969 167 3036 client
192 2968 256 3036 ubi
280 2970 391 3051 debet;
424 2972 496 3058 ipse
522 2974 685 3040 similiter
708 2973 751 3038 in
776 2971 963 3038 cionvinicis
984 2993 1049 3056 per
1074 2976 1227 3046 cestutcm,
1255 2970 1287 3034 si

71 3082 225 3170 officium
234 3092 364 3150 secutus
375 3085 421 3151 sit
431 3087 549 3164 missu,
564 3087 613 3152 vei
622 3109 702 3153 cum
713 3086 822 3152 orutio
838 3085 976 3151 dicutur
991 3082 1034 3148 in
1049 3082 1193 3148 stutioue
1208 3088 1287 3146 uutc

71 3217 213 3273 crucem,
228 3198 378 3263 sacerdos
398 3219 477 3264 cum
493 3199 667 3285 predictis
689 3199 736 3265 ud
753 3198 999 3285 processionem
1013 3194 1159 3273 vestitus,
1173 3214 1287 3280 preces

72 3331 152 3376 cum
171 3309 389 3377 orationibus
408 3311 620 3398 sequentibus
642 3312 774 3377 eusdem
795 3311 881 3377 dicet
903 3331 994 3376 more
1017 3307 1135 3386 solito;
1161 3313 1191 3372 ct
1209 3314 1286 3393 post

73 3421 298 3488 reversionem
308 3423 351 3488 iu
362 3422 509 3502 ciorum,
521 3424 607 3490 dum
617 3423 705 3491 ivone
719 3424 823 3490 tertiae
834 3431 863 3489 et
878 3429 973 3488 seutcv
985 3428 1128 3487 cuntutcc
1137 3419 1286 3506 fuerint,

70 3535 228 3622 pomifero
242 3534 366 3603 induet
381 3559 413 3603 se
422 3558 489 3624 pro
503 3537 620 3603 missu.
665 3537 707 3604 Si
720 3558 796 3602 vcro
811 3535 984 3623 episcopus
1001 3539 1166 3600 ensccutor
1180 3533 1285 3620 officii

71 3672 144 3716 uon
158 3649 280 3736 fuerit,
305 3657 389 3716 tuuc
413 3649 456 3715 iu
479 3649 600 3716 liubitu
623 3651 773 3716 clericati
796 3671 874 3715 cum
898 3647 1091 3714 chirothecis
1115 3655 1231 3713 tumen
1256 3655 1286 3712 ct

72 3763 193 3830 bacuio
206 3763 349 3840 ciericos,
365 3770 406 3829 ut
421 3785 537 3848 supro,
553 3771 708 3850 usperput
717 3787 729 3842 ;
752 3763 808 3829 sed
822 3763 866 3827 in
875 3762 1086 3849 processione
1102 3783 1181 3828 cum
1197 3783 1285 3846 cupu

72 3875 182 3943 serico
196 3895 276 3941 cum
289 3875 399 3941 mitro
413 3883 443 3940 et
458 3875 573 3941 bucule
584 3897 712 3962 semper
722 3876 765 3941 in
772 3877 847 3962 senc
857 3876 1039 3962 procedut;
1061 3881 1090 3940 et
1097 3873 1286 3961 prcvdictus

72 3988 224 4056 sacerdos
238 3987 522 4055 iebdomudurius
537 4010 638 4075 snper
653 3989 775 4054 omniu
789 3997 997 4075 exsequntur,
1010 4009 1084 4074 quse
1100 3987 1146 4054 ud
1156 4006 1284 4073 procos·

74 4102 205 4169 riorum
215 4100 399 4187 pertinent,
415 4101 481 4167 ioco
495 4109 525 4166 et
539 4100 659 4168 habitu
674 4109 834 4169 consueto.

389 4259 569 4324 Dosnva
591 4273 752 4324 succum
773 4258 975 4323 Anvsurus.

139 4372 199 4437 Ad
209 4370 455 4458 processionem
470 4374 550 4438 Ant.
578 4372 698 4436 Missus
710 4376 761 4437 est
775 4372 920 4458 angulus,
933 4377 973 4438 ut
988 4391 1096 4455 schru
1112 4368 1153 4435 iu
1165 4367 1288 4455 primu

79 4484 260 4553 ‹torcinicu
274 4484 449 4553 Adventus
463 4484 621 4551 Domini.

674 4621 693 4662 c
