2864 4806
490 232 539 300 Iro
553 233 611 300 die
625 231 840 301 Narraturus.
1228 238 1271 301 13

126 417 228 486 Tres*
249 417 364 486 clerici
389 419 431 486 de
453 418 752 507 dureriomyrudu
784 419 827 485 tu
848 417 961 486 aredio
981 419 1207 507 processioar's
1228 419 1271 485 tu
1299 501 1301 506 Ι

63 530 153 618 rupis
166 531 284 600 sericis
297 532 405 600 struat
419 539 556 600 cautent
569 533 612 599 a‘u
627 533 739 599 eundo
752 539 939 619 sequentem
949 555 1100 620 prosum.

124 642 219 711 Felix
243 645 358 726 Maria,
380 647 500 712 mundi
525 647 646 734 regina,
670 650 704 712 te
728 645 919 712 collaudant
941 620 1098 715 universa
1119 647 1271 716 caelorum

61 757 199 844 agmina,
213 757 326 838 stella,
339 758 556 845 mirandaque
570 763 744 826 structura.

126 869 255 937 curus
270 871 320 938 sr'c
329 881 569 960 prosequatur.

128 983 165 1050 V.
188 985 360 1072 Tanquam
374 1007 514 1073 sponsus
528 986 690 1052 Dominus
705 985 883 1072 procedens
897 985 939 1052 de
953 986 1098 1052 thalamo
1113 1008 1180 1054 suo.

127 1097 251 1165 Olertcr'
275 1119 427 1186 pronum.
488 1098 662 1165 Familiam
690 1099 832 1178 custodi,
862 1099 1006 1179 Christe,
1037 1105 1142 1181 tuam,
1174 1123 1274 1187 quam

56 1216 158 1278 natus
172 1211 260 1278 alma
274 1212 316 1278 de
330 1211 438 1278 Maria
451 1212 620 1279 redemisti
641 1216 748 1278 morte
768 1217 837 1292 tua,
854 1216 894 1278 ut
916 1218 1090 1300 cognoscat
1104 1219 1139 1281 te
1161 1215 1272 1282 condi·

57 1331 174 1393 torem.

126 1439 254 1506 Otorus
268 1459 412 1507 versure.
435 1437 548 1505 Gloria
563 1438 656 1504 Patri
670 1442 705 1505 et
719 1439 804 1505 Filio
819 1443 855 1506 et
867 1439 1010 1527 spiritui
1023 1439 1154 1507 Sancto.

124 1553 212 1621 Item
231 1554 347 1641 clerici
367 1575 517 1640 prosam.
562 1553 609 1618 Te
634 1551 782 1632 landant,
807 1553 892 1619 alme
915 1575 984 1632 rex,
1009 1553 1118 1633 tellus,
1140 1558 1272 1641 pontus

55 1667 130 1734 caeli
143 1667 271 1750 sidera;
292 1689 366 1755 quoe
376 1667 419 1733 tu
433 1666 513 1754 ipsu
526 1666 671 1734 statione
685 1665 728 1733 ab
743 1666 867 1734 edamur
881 1667 1094 1735 terminetur.
1145 1668 1275 1735 Otorurs

54 1788 131 1867 post
153 1801 431 1869 uacuaquemquc
456 1799 600 1857 versura,
622 1779 821 1868 respoudeat
849 1786 993 1848 cuatuor
1017 1781 1160 1868 pressea*
1181 1803 1273 1848 more

55 1893 167 1975 solito,
181 1896 248 1976 A.†

128 2007 268 2088 cuorus,
281 2007 322 2074 Α
769 2086 770 2090 ¹

130 2122 164 2189 V.
189 2122 256 2204 Qui
270 2122 398 2208 primus
411 2119 454 2188 ad
468 2125 548 2186 vota
562 2125 629 2188 tuae
643 2121 827 2206 majestatis
841 2120 984 2188 condens
999 2120 1117 2200 omniu,
1133 2121 1173 2187 A.

132 2235 167 2303 V.
191 2235 303 2300 Hodie
316 2238 435 2300 natum
450 2238 528 2300 ante
543 2233 662 2314 secula,
676 2235 718 2300 A.

131 2349 166 2416 V.
189 2349 311 2414 Filium
326 2370 385 2435 per
399 2348 538 2435 virginis
553 2349 686 2426 viscera,
703 2349 743 2417 A.

130 2462 167 2529 V.
189 2464 289 2531 Nasci
303 2462 436 2540 mundo,
448 2461 489 2528 A.

132 2575 168 2642 V.
192 2574 348 2654 Voluisti,
362 2576 402 2641 A.

134 2688 167 2755 V.
193 2690 265 2754 Tua
279 2687 464 2768 clementia,
487 2687 528 2755 A.

133 2802 169 2870 V.
194 2804 246 2868 Ut
259 2802 397 2890 pelleres
412 2801 501 2867 orbis
516 2801 654 2867 crimina
667 2801 804 2868 veniens
819 2801 879 2866 lux
893 2823 1000 2882 aurea,
1019 2804 1058 2869 A.

130 2915 259 2984 Olorem
272 2915 472 3003 respoudeat
486 2915 544 2995 stc,
560 2914 677 2981 diceus
691 2914 837 2982 Fabricae
850 2915 977 2982 mundi.

127 3029 175 3096 Iu
199 3029 351 3096 introitu
376 3026 470 3094 olori
495 3027 634 3095 dicutur
658 3027 725 3095 hoec
751 3050 888 3116 sequeus
914 3028 1114 3117 antiplona,
1138 3035 1273 3097 cantore

59 3144 260 3232 iuueniorem.

127 3259 209 3324 Aut.
247 3256 358 3322 Hodie
388 3255 539 3322 Christus
571 3259 670 3320 natus
704 3259 762 3334 est,
796 3255 894 3322 hodie
931 3255 1083 3323 Ohristus
1120 3254 1273 3322 Salvator

59 3371 239 3460 apparuit3
277 3370 387 3436 Hodie
416 3370 453 3433 in
481 3373 570 3434 terra
599 3373 724 3434 canunt
752 3369 869 3455 angeli,
895 3369 1054 3435 laetantur
1078 3368 1274 3456 archangeli,

60 3487 160 3552 hodie
176 3483 328 3551 exultent
339 3483 423 3568 justi
439 3482 594 3560 dicenter,
610 3481 723 3548 Gloria
737 3482 773 3546 in
788 3482 924 3548 excelsis
938 3482 1019 3560 Deo,
1034 3481 1175 3550 alleluia.

127 3599 170 3668 St
183 3599 251 3665 ltoec
266 3594 457 3682 antiphona
472 3617 543 3661 uon
554 3595 700 3683 srtfficr'ut
712 3596 758 3662 ud
772 3595 959 3662 introitura
973 3595 1074 3675 chort,
1085 3603 1168 3664 tuuc
1181 3619 1271 3685 repc-

63 3722 160 3782 uara
185 3713 229 3778 r'a
244 3709 410 3798 prodictu
424 3708 617 3796 antiplona
632 3708 742 3775 Hodie
757 3709 794 3775 in
808 3713 897 3775 terra
911 3715 1036 3778 canunt
1050 3710 1167 3797 angeli.

114 3944 126 3967 ¹
136 3941 192 3990 MS.
204 3937 378 3989 Bodl-Trer
389 3937 477 3987 eurici
488 3938 518 3987 rte
529 3937 651 4000 eupatori
667 3938 751 4000 orado
761 3938 791 3987 r'rr
807 3938 878 4001 capte
892 3939 981 3989 sericis
997 3939 1086 3989 dieunt
1098 3954 1216 4004 prosum·
1233 3942 1273 3990 r'ta

64 4031 148 4074 tamen
158 4023 219 4072 darn
230 4022 296 4070 dicti
312 4021 399 4070 clerici
415 4027 521 4069 cautant
535 4035 641 4078 versum,
652 4028 718 4070 eterit
728 4021 851 4082 uenditor
858 4023 923 4085 fixio
939 4035 992 4071 auu
1006 4035 1062 4071 cum
1076 4022 1158 4080 choro,
1174 4029 1199 4073 et
1215 4024 1276 4074 dum

65 4109 154 4158 choran
167 4104 332 4170 prosequitur
344 4105 455 4166 primum
469 4103 723 4165 commmendare
733 4118 788 4153 curn
804 4110 854 4154 toto
869 4106 950 4162 eluro,
963 4105 1030 4168 quod
1043 4105 1119 4154 etium
1133 4107 1275 4157 observetur

63 4205 108 4254 per
120 4193 198 4239 totum
209 4199 312 4244 aarum,
324 4185 521 4248 quandovero·
532 4185 728 4247 inprecatione
740 4185 872 4237 tententur.

115 4329 208 4396 ssata,
222 4330 378 4388 &semper
395 4330 449 4375 tres
468 4324 570 4375 vocales
588 4325 682 4375 Α.Ε.0.
700 4327 767 4389 quod
786 4326 814 4378 in
835 4324 955 4377 omnibus
973 4325 1133 4378 observetur.
1166 4326 1199 4377 So
1219 4326 1274 4377 aleo

69 4413 123 4464 MS.
135 4409 319 4469 Procesrionul,
330 4409 361 4462 B.
374 4410 502 4471 Murcum,
513 4408 637 4461 Huloinn
649 4411 721 4460 2912.
