2864 4806
536 290 644 341 innita
666 290 709 341 OF
732 290 914 341 conatalis,

103 464 107 512 .'
128 420 187 513 {13¹
210 463 244 513 In
256 463 493 514 commoratione
505 463 596 514 Sancti
607 464 695 514 Pauli.

206 533 245 602 vIn
256 552 414 604 Visitaticne
425 555 508 604 beatae
520 553 610 604 Mariae
622 552 667 616 (5).

127 641 181 694 155.
213 644 249 694 In
261 645 359 694 Octava
370 645 445 694 Petri
456 651 482 694 ct
491 645 580 694 Pauli.

209 735 244 783 In
257 734 435 784 Tramlatlonc
446 734 536 785 Sancti
550 734 647 784 Thana
659 733 779 800 martyrio
789 736 837 801 (3).

213 825 247 873 In
258 825 326 875 iasio
336 824 518 889 Reliquiarum
530 825 574 888 (1).

123 914 180 965 151.
213 915 326 966 Infesta
339 916 440 967 Sanctae
452 917 613 979 Margarctoe,
624 916 656 966 55
667 914 765 980 primns
776 929 898 979 vesperas
909 914 942 965 55
954 914 1034 965 altare
1046 913 1169 976 ejusdcm.

214 1008 250 1058 In
261 1008 312 1058 dic.

214 1099 248 1148 In
260 1099 327 1150 fasta
338 1070 439 1150 Sanctae
451 1098 541 1150 Marica
553 1097 1049 1163 5153551555,555515555555555555
1061 1096 1142 1146 altarc
1154 1094 1278 1157 ejusdcm.

217 1190 251 1239 In
262 1190 313 1239 llic.

125 1279 185 1330 lta.
215 1280 324 1344 Infecta
335 1281 437 1332 Sancta
448 1283 535 1331 Anna.

216 1373 258 1422 At
271 1373 380 1422 Vincula
391 1373 476 1422 Patri.

130 1452 136 1463 ’
214 1465 249 1513 In
255 1464 323 1527 sesto
336 1464 579 1526 Trnntfinnrationic
588 1463 694 1514 Domini
708 1465 718 1525 (
742 1465 763 1525 ).

216 1553 330 1604 Infesta
343 1553 464 1603 Nominis
474 1554 538 1603 Jssu
551 1555 598 1616 (2).

125 1646 183 1696 153.
217 1646 251 1695 15
262 1647 328 1696 sesto
340 1644 430 1696 Sancti
441 1644 585 1704 Laurentii,
596 1645 629 1695 ad
638 1644 738 1709 primas
748 1657 870 1708 vesperas
881 1643 914 1694 55
926 1643 1007 1694 altaro
1018 1643 1140 1706 ejusdam.

217 1737 251 1786 In
262 1737 312 1787 aie.

127 1825 186 1875 154.
218 1826 326 1887 Infecta
337 1825 429 1877 Sancti
439 1825 587 1889 Hippolyti.

216 1917 251 1964 In
261 1915 446 1978 Assumptione
456 1916 538 1965 beata
551 1915 640 1965 Marito
652 1915 696 1983 (1).

125 2007 185 2057 155.
218 2008 253 2057 In
265 2009 371 2057 Octava.

216 2098 252 2148 In
262 2098 435 2149 Decollaticnc
445 2099 536 2148 Sancti
546 2098 673 2147 Joltannis
685 2098 818 2162 Bapticta.

216 2188 251 2236 In
262 2186 404 2237 Nativitatc
414 2188 497 2237 baatae
508 2186 599 2236 Marino
610 2188 655 2250 (2).

125 2279 182 2327 155.
215 2279 250 2327 In
259 2279 395 2328 Dominica
406 2280 478 2341 infra
491 2280 589 2328 Octava
599 2283 623 2327 ct
636 2280 666 2327 in
677 2279 781 2328 Octava.

218 2371 251 2418 In
263 2369 429 2420 Exolntione
442 2370 542 2420 Sanctia
556 2369 645 2419 Crucis
657 2367 699 2434 (5),
711 2369 744 2419 55
755 2369 852 2432 primas
863 2383 983 2432 vesperas
994 2370 1027 2419 55
1039 2383 1148 2420 crucam.

219 2461 252 2509 In
263 2461 312 2509 die.

127 2551 184 2600 157.
218 2552 251 2600 In
257 2551 324 2614 sotto
336 2549 425 2600 Sancti
436 2551 576 2612 Matthai(
594 2553 612 2610 ).

219 2634 328 2684 Infesta
341 2633 430 2684 Sancti
441 2633 577 2684 Michaelis
590 2636 633 2696 (t),
648 2632 681 2682 55
692 2633 787 2696 primas
798 2647 918 2697 vesperas
930 2633 962 2683 55
974 2632 1053 2684 altare
1065 2632 1086 2694 ej
1091 2631 1186 2683 usdcm.

221 2726 314 2775 India.

219 2817 327 2880 Inscita
338 2815 430 2866 Sancti
441 2817 570 2882 Dionysii.

128 2908 187 2967 155.
220 2908 253 2957 15
276 2906 457 2957 Translatione
480 2906 569 2957 Sancti
591 2906 712 2957 Edwardi
733 2905 811 2970 Regis
831 2909 875 2970 (4),
898 2907 931 2957 ad
953 2905 1050 2970 primas
1069 2921 1188 2970 vesperas
1206 2907 1238 2956 55
1261 2906 1341 2956 altaro

276 2996 401 3058 ciusdem.

217 3089 251 3138 In
257 3089 326 3152 sesto
337 3088 428 3140 Sancti
440 3087 576 3137 Michaelis
588 3087 617 3136 in
629 3089 714 3137 Monte
727 3087 832 3137 Tamna.

219 3182 327 3244 Infecta
339 3180 430 3230 Sancti
440 3181 517 3230 Lacca
529 3182 575 3243 (4).

134 3272 188 3321 lta.
220 3272 252 3319 In
266 3270 308 3320 dic
320 3270 444 3320 Omnium
456 3272 611 3320 Sanctorum
623 3271 668 3333 (2).

218 3362 329 3412 Infesta
341 3360 431 3412 Sancti
442 3361 558 3420 Martini,
570 3360 603 3410 55
614 3361 712 3423 primas
724 3373 842 3423 vesperas
854 3360 887 3410 ad
899 3360 980 3410 altaro
992 3360 1114 3423 ejusdcm.

136 3452 189 3503 150.
221 3455 254 3503 In
265 3453 315 3503 dic.

220 3545 327 3607 Infesta
340 3544 430 3594 Sancti
440 3543 536 3593 Bricii.

220 3635 252 3682 In
264 3635 331 3684 festo
344 3633 432 3684 Sancti
443 3632 577 3685 Edmundi
588 3631 708 3695 episcopi,
720 3633 752 3682 ad
763 3631 861 3695 primas
872 3646 991 3695 vesperas
1002 3632 1034 3682 55
1045 3631 1127 3682 altare
1138 3633 1160 3694 ej
1164 3633 1260 3683 undam.

221 3725 330 3776 Infesta
342 3724 429 3774 Sancti
441 3723 574 3774 Edmundi
584 3723 659 3787 regis,
671 3722 704 3773 55
714 3722 812 3786 primas
823 3737 941 3787 vesperas
952 3723 985 3774 ad
997 3723 1077 3774 altaro
1088 3724 1211 3787 ejusdcm.

140 3815 189 3868 lttl.
220 3821 254 3868 In
260 3819 329 3881 sesto
341 3820 442 3869 Sancta
455 3818 571 3870 anilicc.

220 3909 327 3971 Infecta
339 3908 430 3957 Sancti
443 3908 585 3957 Clementis.

220 3999 331 4048 Infesta
343 3999 444 4049 Sancta
457 3999 613 4059 Katharinoe,
625 3998 656 4049 55
667 3999 764 4063 primas
775 4013 894 4063 vesperas
906 4000 937 4051 55
949 4000 1030 4051 altare
1042 4002 1164 4063 ejusdem.

221 4091 254 4141 In
266 4091 318 4140 llic.

640 4231 681 4280 Da
701 4230 836 4283 Cannam,

144 4356 190 4410 lta.
220 4362 254 4412 In
267 4361 356 4413 Natali
366 4361 446 4413 unius
457 4361 570 4426 apostoli
581 4361 753 4426 evangelista.

221 4454 253 4501 ln
265 4452 354 4503 Natali
365 4452 444 4504 unius
455 4452 576 4515 martyris
587 4453 640 4504 siva
651 4454 811 4505 confessoris.
